<record><leader>00000cas a2200000 a 4500</leader><controlfield tag="001">23175322</controlfield><controlfield tag="008">910301d196819uucouwr ne      0    0eng c</controlfield><datafield ind1=" " ind2=" " tag="010"><subfield code="a">sn 91052259 </subfield></datafield><datafield ind1=" " ind2=" " tag="040"><subfield code="a">CNQ</subfield><subfield code="b">eng</subfield><subfield code="c">CNQ</subfield><subfield code="d">OCLCQ</subfield><subfield code="d">COD</subfield><subfield code="d">OCLCF</subfield></datafield><datafield ind1=" " ind2=" " tag="042"><subfield code="a">pcc</subfield></datafield><datafield ind1="0" ind2=" " tag="130"><subfield code="a">Town &amp; country review (Boulder, Colo. : 1968)</subfield></datafield><datafield ind1="1" ind2="0" tag="245"><subfield code="a">Town &amp; country review.</subfield></datafield><datafield ind1="3" ind2="0" tag="246"><subfield code="a">Town and country review</subfield></datafield><datafield ind1="3" ind2="0" tag="246"><subfield code="a">T &amp; C town &amp; country review</subfield></datafield><datafield ind1="3" ind2="0" tag="246"><subfield code="a">T and C town and country review</subfield></datafield><datafield ind1=" " ind2=" " tag="260"><subfield code="a">Boulder, Colo. :</subfield><subfield code="b">James G. Johnson,</subfield><subfield code="c">1968-</subfield></datafield><datafield ind1=" " ind2=" " tag="300"><subfield code="a">v. :</subfield><subfield code="b">ill ;</subfield><subfield code="c">43 cm</subfield></datafield><datafield ind1=" " ind2=" " tag="310"><subfield code="a">Weekly</subfield></datafield><datafield ind1="0" ind2=" " tag="362"><subfield code="a">Vol. 6, no. 25 (June 20, 1968)-</subfield></datafield><datafield ind1=" " ind2=" " tag="515"><subfield code="a">Frequent errors in numbering.</subfield></datafield><datafield ind1=" " ind2=" " tag="588"><subfield code="a">Description based on: Vol. 6, no. 25 (June 20, 1968).</subfield></datafield><datafield ind1=" " ind2=" " tag="588"><subfield code="a">Latest issue consulted: Vol. 16, no. 11 (Mar. 14, 1979).</subfield></datafield><datafield ind1=" " ind2="0" tag="651"><subfield code="a">Boulder (Colo.)</subfield><subfield code="v">Newspapers.</subfield></datafield><datafield ind1=" " ind2="7" tag="655"><subfield code="a">Newspapers.</subfield><subfield code="2">fast</subfield><subfield code="0">(OCoLC)fst01423814</subfield></datafield><datafield ind1=" " ind2="7" tag="651"><subfield code="a">Colorado</subfield><subfield code="z">Boulder.</subfield><subfield code="2">fast</subfield><subfield code="0">(OCoLC)fst01206092</subfield></datafield><datafield ind1=" " ind2=" " tag="752"><subfield code="a">United States</subfield><subfield code="b">Colorado</subfield><subfield code="c">Boulder</subfield><subfield code="d">Boulder.</subfield></datafield><datafield ind1="0" ind2="0" tag="780"><subfield code="t">Town &amp; country shopper review</subfield><subfield code="w">(DLC)sn 90051752</subfield></datafield><datafield ind1="0" ind2=" " tag="787"><subfield code="t">Town &amp; country (Boulder, Colo.)</subfield><subfield code="w">(DLC)sn 89052208</subfield><subfield code="w">(OCoLC)20080980</subfield></datafield></record>